<?xml version="1.0" encoding="UTF-8"?><collection xmlns="http://www.loc.gov/MARC21/slim"><record><leader>00325nam--2200133-i-4500</leader><controlfield tag="001">000041802</controlfield><controlfield tag="002">20161230</controlfield><controlfield tag="005">20161230201043</controlfield><controlfield tag="008">060222s1000------------r-----000-0-eng-d</controlfield><datafield ind1=" " ind2=" " tag="080"><subfield code="a">658.26:628.1:620.9</subfield></datafield><datafield ind1=" " ind2=" " tag="100"><subfield code="a">Skrob,M.S</subfield></datafield><datafield ind1=" " ind2=" " tag="245"><subfield code="a">Pregatirea apei</subfield></datafield><datafield ind1=" " ind2=" " tag="260"><subfield code="a">Bucuresti, Ed.Energetica De Stat, 1954. 487 P</subfield></datafield><datafield ind1=" " ind2=" " tag="852"><subfield code="a">3286</subfield></datafield></record></collection>